<?xml version="1.0" encoding="UTF-8" ?>
<!-- 3 MARC records variations in date format-->
<!-- First 3 authors ORCIDs were also added -->
<marc:collection xmlns:marc="http://www.loc.gov/MARC21/slim"
    xmlns:xsi="http://www.w3.org/2001/XMLSchema-instance"
    xsi:schemaLocation="http://www.loc.gov/MARC21/slim http://www.loc.gov/standards/marcxml/schema/MARC21slim.xsd">
    <!-- MM-DD-YYYY -->
    <marc:record>
        <marc:leader>02255nam a2200577 i 4500</marc:leader>
        <marc:controlfield tag="001">9916406029507426</marc:controlfield>
        <marc:controlfield tag="005">20230930225021.0</marc:controlfield>
        <marc:controlfield tag="007">cr |||||||||||</marc:controlfield>
        <marc:controlfield tag="008">231121e20221019dcu     o    f000 0 eng c</marc:controlfield>
        <marc:datafield tag="016" ind1="7" ind2=" ">
            <marc:subfield code="a">CAT109916406029507426 </marc:subfield>
            <marc:subfield code="2">DNAL</marc:subfield>
        </marc:datafield>
        <marc:datafield tag="024" ind1="7" ind2=" ">
            <marc:subfield code="a">10113/8134150 </marc:subfield>
            <marc:subfield code="2">hdl</marc:subfield>
        </marc:datafield>
        <marc:datafield tag="024" ind1="7" ind2=" ">
            <marc:subfield code="a">10.32747/2022.8134150.bard </marc:subfield>
            <marc:subfield code="2">doi</marc:subfield>
        </marc:datafield>
        <marc:datafield tag="035" ind1=" " ind2=" ">
            <marc:subfield code="a">(OCoLC)on1400202933</marc:subfield>
        </marc:datafield>
        <marc:datafield tag="040" ind1=" " ind2=" ">
            <marc:subfield code="a">AGL </marc:subfield>
            <marc:subfield code="b">eng </marc:subfield>
            <marc:subfield code="e">rda </marc:subfield>
            <marc:subfield code="c">AGL </marc:subfield>
            <marc:subfield code="d">AGL</marc:subfield>
        </marc:datafield>
        <marc:datafield tag="049" ind1=" " ind2=" ">
            <marc:subfield code="a">AGLL</marc:subfield>
        </marc:datafield>
        <marc:datafield tag="070" ind1="0" ind2=" ">
            <marc:subfield code="a">HD9275.I75 </marc:subfield>
            <marc:subfield code="b">F73 2022</marc:subfield>
        </marc:datafield>
        <marc:datafield tag="100" ind1="1" ind2=" ">
            <marc:subfield code="a">Frank, Eyal </marc:subfield>
            <marc:subfield code="e">author </marc:subfield>
            <marc:subfield code="u">University of Chicago.</marc:subfield>
            <marc:subfield code="1">https://orcid.org/0000-0002-5876-5319</marc:subfield>
        </marc:datafield>
        <marc:datafield tag="245" ind1="1" ind2="0">
            <marc:subfield code="a">Climate change and the dairy sector in Israel and the US / </marc:subfield>
            <marc:subfield code="c">Frank, E., Fishman, R., Kimhi, A.</marc:subfield>
        </marc:datafield>
        <marc:datafield tag="264" ind1=" " ind2="1">
            <marc:subfield code="a">[Israel?] : </marc:subfield>
            <marc:subfield code="b">United States-Israel Binational Agricultural Research and Development Fund, </marc:subfield>
            <marc:subfield code="c">October 19, 2022</marc:subfield>
        </marc:datafield>
        <marc:datafield tag="300" ind1=" " ind2=" ">
            <marc:subfield code="a">1 online resource (50 pages) : </marc:subfield>
            <marc:subfield code="b">illustrations, charts</marc:subfield>
        </marc:datafield>
        <marc:datafield tag="336" ind1=" " ind2=" ">
            <marc:subfield code="a">text </marc:subfield>
            <marc:subfield code="b">txt </marc:subfield>
            <marc:subfield code="2">rdacontent</marc:subfield>
        </marc:datafield>
        <marc:datafield tag="337" ind1=" " ind2=" ">
            <marc:subfield code="a">computer </marc:subfield>
            <marc:subfield code="b">c </marc:subfield>
            <marc:subfield code="2">rdamedia</marc:subfield>
        </marc:datafield>
        <marc:datafield tag="338" ind1=" " ind2=" ">
            <marc:subfield code="a">online resource </marc:subfield>
            <marc:subfield code="b">cr </marc:subfield>
            <marc:subfield code="2">rdacarrier</marc:subfield>
        </marc:datafield>
        <marc:datafield tag="500" ind1=" " ind2=" ">
            <marc:subfield code="a">BARD Second Annual Report IS-5150-19</marc:subfield>
        </marc:datafield>
        <marc:datafield tag="500" ind1=" " ind2=" ">
            <marc:subfield code="a">Project award year: 2019</marc:subfield>
        </marc:datafield>
        <marc:datafield tag="588" ind1=" " ind2=" ">
            <marc:subfield code="a">Online resource (viewed 28 September 2023)</marc:subfield>
        </marc:datafield>
        <marc:datafield tag="593" ind1=" " ind2=" ">
            <marc:subfield code="e">report paper</marc:subfield>
        </marc:datafield>
        <marc:datafield tag="650" ind1=" " ind2="0">
            <marc:subfield code="a">Dairy products industry </marc:subfield>
            <marc:subfield code="x">Environmental aspects </marc:subfield>
            <marc:subfield code="z">Israel.</marc:subfield>
        </marc:datafield>
        <marc:datafield tag="650" ind1=" " ind2="0">
            <marc:subfield code="a">Dairy products industry </marc:subfield>
            <marc:subfield code="x">Environmental aspects </marc:subfield>
            <marc:subfield code="z">United States.</marc:subfield>
        </marc:datafield>
        <marc:datafield tag="655" ind1=" " ind2="7">
            <marc:subfield code="a">report paper </marc:subfield>
            <marc:subfield code="2">DNAL</marc:subfield>
        </marc:datafield>
        <marc:datafield tag="700" ind1="1" ind2=" ">
            <marc:subfield code="a">Kimhi, Ayal, </marc:subfield>
            <marc:subfield code="d">1959- </marc:subfield>
            <marc:subfield code="e">author </marc:subfield>
            <marc:subfield code="u">Hebrew University of Jerusalem.</marc:subfield>
            <marc:subfield code="1">https://orcid.org/0000-0002-6716-7118</marc:subfield>
        </marc:datafield>
        <marc:datafield tag="700" ind1="1" ind2=" ">
            <marc:subfield code="a">Fishman, R., </marc:subfield>
            <marc:subfield code="e">author </marc:subfield>
            <marc:subfield code="u">Tel Aviv University.</marc:subfield>
            <marc:subfield code="1">https://orcid.org/0000-0003-0381-9153</marc:subfield>
        </marc:datafield>
        <marc:datafield tag="710" ind1="2" ind2=" ">
            <marc:subfield code="a">United States-Israel Binational Agricultural Research and Development Fund, </marc:subfield>
            <marc:subfield code="e">sponsor</marc:subfield>
        </marc:datafield>
        <marc:datafield tag="787" ind1="1" ind2=" ">
            <marc:subfield code="o">product_naldc</marc:subfield>
        </marc:datafield>
        <marc:datafield tag="787" ind1="1" ind2=" ">
            <marc:subfield code="o">naldc_COLL00002</marc:subfield>
        </marc:datafield>
        <marc:datafield tag="856" ind1=" " ind2=" ">
            <marc:subfield code="u">https://handle.nal.usda.gov/10113/8134150 </marc:subfield>
            <marc:subfield code="z">CrossRef DOI Landing Page</marc:subfield>
        </marc:datafield>
        <marc:datafield tag="856" ind1="4" ind2="0">
            <marc:subfield code="u">https://dx.doi.org/10.32747/2022.8134150.bard </marc:subfield>
            <marc:subfield code="3">Available in the National Agricultural Library Digital Collections</marc:subfield>
        </marc:datafield>
        <marc:datafield tag="856" ind1="4" ind2="0">
            <marc:subfield code="u">https://www.bard-isus.com/FinalRep/5150.pdf</marc:subfield>
        </marc:datafield>
        <marc:datafield tag="912" ind1=" " ind2=" ">
            <marc:subfield code="a">nalcatalog</marc:subfield>
        </marc:datafield>
        <marc:datafield tag="919" ind1=" " ind2=" ">
            <marc:subfield code="a">axu</marc:subfield>
        </marc:datafield>
        <marc:datafield tag="926" ind1=" " ind2=" ">
            <marc:subfield code="a">PDF model</marc:subfield>
        </marc:datafield>
        <marc:datafield tag="930" ind1=" " ind2=" ">
            <marc:subfield code="a">20230928 </marc:subfield>
            <marc:subfield code="b">00000000 </marc:subfield>
            <marc:subfield code="c">00000000</marc:subfield>
        </marc:datafield>
        <marc:datafield tag="946" ind1=" " ind2=" ">
            <marc:subfield code="a">Non-US</marc:subfield>
        </marc:datafield>
        <marc:datafield tag="958" ind1=" " ind2=" ">
            <marc:subfield code="b">e </marc:subfield>
            <marc:subfield code="c">2023/09/28 </marc:subfield>
            <marc:subfield code="d">o </marc:subfield>
            <marc:subfield code="e">csussman </marc:subfield>
            <marc:subfield code="h">cfr</marc:subfield>
        </marc:datafield>
        <marc:datafield tag="964" ind1=" " ind2=" ">
            <marc:subfield code="a">BARD</marc:subfield>
        </marc:datafield>
        <marc:datafield tag="965" ind1=" " ind2=" ">
            <marc:subfield code="a">2023-09-30</marc:subfield>
        </marc:datafield>
        <marc:datafield tag="972" ind1=" " ind2=" ">
            <marc:subfield code="a">Issued</marc:subfield>
        </marc:datafield>
        <marc:datafield tag="974" ind1=" " ind2=" ">
            <marc:subfield code="a">agid:8134150</marc:subfield>
        </marc:datafield>
        <marc:datafield tag="987" ind1=" " ind2=" ">
            <marc:subfield code="a">csussman</marc:subfield>
        </marc:datafield>
        <marc:datafield tag="990" ind1=" " ind2=" ">
            <marc:subfield code="c">NAL DOI collection</marc:subfield>
        </marc:datafield>
        <marc:datafield tag="994" ind1=" " ind2=" ">
            <marc:subfield code="a">C0 </marc:subfield>
            <marc:subfield code="b">AGL</marc:subfield>
        </marc:datafield>
    </marc:record>